<record><leader>00000cas a22000007a 4500</leader><controlfield tag="001">13440268</controlfield><controlfield tag="008">860416d19091913nvuwr ne      0    0eng d</controlfield><datafield ind1=" " ind2=" " tag="010"><subfield code="a">sn 86076000 </subfield></datafield><datafield ind1=" " ind2=" " tag="040"><subfield code="a">NNX</subfield><subfield code="b">eng</subfield><subfield code="c">NNX</subfield><subfield code="d">OCL</subfield><subfield code="d">OCLCQ</subfield></datafield><datafield ind1=" " ind2=" " tag="042"><subfield code="a">msc</subfield></datafield><datafield ind1="0" ind2="0" tag="245"><subfield code="a">Nevada mines and farms.</subfield></datafield><datafield ind1=" " ind2=" " tag="260"><subfield code="a">Reno, Nev. :</subfield><subfield code="b">Nevada State Journal Inc.</subfield></datafield><datafield ind1=" " ind2=" " tag="300"><subfield code="a">v.</subfield></datafield><datafield ind1=" " ind2=" " tag="310"><subfield code="a">Weekly</subfield></datafield><datafield ind1="1" ind2=" " tag="362"><subfield code="a">Began in 1909; ceased with Aug. 19, 1913 issues.</subfield><subfield code="z">Cf. Lingenfelter, R. Newspapers of Nev., 1854-1979.</subfield></datafield><datafield ind1=" " ind2=" " tag="500"><subfield code="a">"Weekly mining edition of The Nevada state journal."</subfield></datafield><datafield ind1="8" ind2=" " tag="521"><subfield code="a">Mining, Agriculture.</subfield></datafield><datafield ind1=" " ind2=" " tag="588"><subfield code="a">Description based on: Vol. 2, no. 257 (Dec. 26, 1911).</subfield></datafield><datafield ind1=" " ind2=" " tag="752"><subfield code="a">United States</subfield><subfield code="b">Nevada</subfield><subfield code="c">Washoe</subfield><subfield code="d">Reno.</subfield></datafield><datafield ind1="1" ind2=" " tag="775"><subfield code="t">Nevada state journal (Reno, Nev. : 1907)</subfield><subfield code="w">(DLC)sn 84020370</subfield></datafield></record>